@article{Lamport:1978:TCO:359545.359563,
 author = {Lamport, Leslie},
 title = {Time, Clocks, and the Ordering of Events in a Distributed System},
 journal = {Commun. ACM},
 issue_date = {July 1978},
 volume = {21},
 number = {7},
 month = jul,
 year = {1978},
 issn = {0001-0782},
 pages = {558--565},
 numpages = {8},
 url = {http://doi.acm.org/10.1145/359545.359563},
 doi = {10.1145/359545.359563},
 acmid = {359563},
 publisher = {ACM},
 address = {New York, NY, USA},
 keywords = {clock synchronization, computer networks, distributed systems, multiprocess systems},
} 

@BOOK{StefanTaiBook,
  TITLE = {Cloud Service Benchmarking},
  SUBTITLE = {Measuring Quality of Cloud Services from a Client Perspective},
  AUTHOR = {Stefan Tai, David Bermbach, Erik Wittern},
  YEAR = {2017}, 
  doi = {10.1007/978-3-319-55483-9},
  PUBLISHER = {Springer, Cham},
}


@online{SpannerWebPage,
  title = {The first horizontally scalable, strongly consistent, relational database service},
  subtitle={https://cloud.google.com/spanner/docs/},
  url = {https://cloud.google.com/spanner/docs/},
  note = {Accessed: 10-Jan-2019}
}


@online{DynamoWebPage,
  title = {Amazon DynamoDB},
  subtitle={Fast and flexible NoSQL database service for any scale},
  url = {https://aws.amazon.com/de/dynamodb/},
  note = {Accessed: 11-Jan-2019}
}

@inproceedings{Cooper:2010:BCS:1807128.1807152,
 author = {Cooper, Brian F. and Silberstein, Adam and Tam, Erwin and Ramakrishnan, Raghu and Sears, Russell},
 title = {Benchmarking Cloud Serving Systems with YCSB},
 booktitle = {Proceedings of the 1st ACM Symposium on Cloud Computing},
 series = {SoCC '10},
 year = {2010},
 isbn = {978-1-4503-0036-0},
 location = {Indianapolis, Indiana, USA},
 pages = {143--154},
 numpages = {12},
 url = {http://doi.acm.org/10.1145/1807128.1807152},
 doi = {10.1145/1807128.1807152},
 acmid = {1807152},
 publisher = {ACM},
 address = {New York, NY, USA},
 keywords = {benchmarking, cloud serving database},
} 

@online{SpannerInstances,
  title = {CLOUD SPANNER},
  subtitle={Instances},
  url = {https://cloud.google.com/spanner/docs/instances#nodes_vs_replicas},
  note = {Accessed: 31-Jan-2019}
}

@INPROCEEDINGS{OLTp, 
author={D. T. McWherter and B. Schroeder and A. Ailamaki and M. Harchol-Balter}, 
booktitle={Proceedings. 20th International Conference on Data Engineering}, 
title={Priority mechanisms for OLTP and transactional Web applications}, 
year={2004}, 
volume={}, 
number={}, 
pages={535-546}, 
keywords={transaction processing;Internet;SQL;relational databases;processor scheduling;OLTP;electronic commerce;banking;online shopping;QoS;traditional database systems;nonpreemptive DBMS prioritization policies;PostgreSQL;transactional Web applications;Transaction databases;Database systems;Banking;Relational databases;Concurrency control;Electronic commerce;Performance analysis;Business;Internet;Query processing}, 
doi={10.1109/ICDE.2004.1320025}, 
ISSN={1063-6382}, 
month={April},}

@article{DeCandia:2007:DAH:1323293.1294281,
 author = {DeCandia, Giuseppe and Hastorun, Deniz and Jampani, Madan and Kakulapati, Gunavardhan and Lakshman, Avinash and Pilchin, Alex and Sivasubramanian, Swaminathan and Vosshall, Peter and Vogels, Werner},
 title = {Dynamo: Amazon's Highly Available Key-value Store},
 journal = {SIGOPS Oper. Syst. Rev.},
 issue_date = {December 2007},
 volume = {41},
 number = {6},
 month = oct,
 year = {2007},
 issn = {0163-5980},
 pages = {205--220},
 numpages = {16},
 url = {http://doi.acm.org/10.1145/1323293.1294281},
 doi = {10.1145/1323293.1294281},
 acmid = {1294281},
 publisher = {ACM},
 address = {New York, NY, USA},
 keywords = {performance, reliability, scalability},
} 

@online{Allthings,
  title = {Amazon DynamoDB â€“ a Fast and Scalable NoSQL Database Service Designed for Internet Scale Applications},
  url = {https://www.allthingsdistributed.com/2012/01/amazon-dynamodb.html},
  note = {Accessed: 31-Jan-2019}
}

@online{newsql,
  title = {New Sql: An Alternative to Nosql and Old Sql For New Oltp Apps},
  url = {https://cacm.acm.org/blogs/blog-cacm/109710-new-sql-an-alternative-to-nosql-and-old-sql-for-new-oltp-apps/fulltext},
  note = {Accessed: 31-Jan-2019}
}


@article{Pavlo:2016:WRN:3003665.3003674,
 author = {Pavlo, Andrew and Aslett, Matthew},
 title = {What's Really New with NewSQL?},
 journal = {SIGMOD Rec.},
 issue_date = {June 2016},
 volume = {45},
 number = {2},
 month = sep,
 year = {2016},
 issn = {0163-5808},
 pages = {45--55},
 numpages = {11},
 url = {http://doi.acm.org/10.1145/3003665.3003674},
 doi = {10.1145/3003665.3003674},
 acmid = {3003674},
 publisher = {ACM},
 address = {New York, NY, USA},
} 