@article{Lamport:1978:TCO:359545.359563,
 author = {Lamport, Leslie},
 title = {Time, Clocks, and the Ordering of Events in a Distributed System},
 journal = {Commun. ACM},
 issue_date = {July 1978},
 volume = {21},
 number = {7},
 month = jul,
 year = {1978},
 issn = {0001-0782},
 pages = {558--565},
 numpages = {8},
 url = {http://doi.acm.org/10.1145/359545.359563},
 doi = {10.1145/359545.359563},
 acmid = {359563},
 publisher = {ACM},
 address = {New York, NY, USA},
 keywords = {clock synchronization, computer networks, distributed systems, multiprocess systems},
} 

@BOOK{StefanTaiBook,
  TITLE = {Cloud Service Benchmarking},
  SUBTITLE = {Measuring Quality of Cloud Services from a Client Perspective},
  AUTHOR = {Stefan Tai, David Bermbach, Erik Wittern},
  YEAR = {2017}, 
  doi = {10.1007/978-3-319-55483-9},
  PUBLISHER = {Springer, Cham},
}


@online{SpannerWebPage,
  title = {CLOUD SPANNER},
  subtitle={The first horizontally scalable, strongly consistent, relational database service},
  url = {https://cloud.google.com/spanner/},
  note = {Accessed: 10-Jan-2019}
}


@online{DynamoWebPage,
  title = {Amazon DynamoDB},
  subtitle={Fast and flexible NoSQL database service for any scale},
  url = {https://aws.amazon.com/de/dynamodb/},
  note = {Accessed: 11-Jan-2019}
}

@inproceedings{Cooper:2010:BCS:1807128.1807152,
 author = {Cooper, Brian F. and Silberstein, Adam and Tam, Erwin and Ramakrishnan, Raghu and Sears, Russell},
 title = {Benchmarking Cloud Serving Systems with YCSB},
 booktitle = {Proceedings of the 1st ACM Symposium on Cloud Computing},
 series = {SoCC '10},
 year = {2010},
 isbn = {978-1-4503-0036-0},
 location = {Indianapolis, Indiana, USA},
 pages = {143--154},
 numpages = {12},
 url = {http://doi.acm.org/10.1145/1807128.1807152},
 doi = {10.1145/1807128.1807152},
 acmid = {1807152},
 publisher = {ACM},
 address = {New York, NY, USA},
 keywords = {benchmarking, cloud serving database},
} 
